@string{ijnme = "International Journal for Numerical Methods in Engineering"}
@string{ais = "Advances in Engineering Software"}
@string{cs = "Computers and Structures"}
@string{cmame = "Computer Methods in Applied Mechanics and Engineering"}
@string{ijss = "International Journal of Solids and Structures"}
@string{acta = "Acta Polytechnica"}
@string{jem = "Journal of Engineering Mechanics, ASCE"}
@string{jemd = "Journal of the Engineering Mechanics Division, ASCE"}
@string{ijf = "International Journal of Fracture"}
@string{jam = "Journal of Applied Mechanics, ASME"}
@string{ec = "Engineering Computations"}
@string{cturep = "CTU Reports"}
@string{ades = "Advances in Engineering Software"}


%
% Material - related references
%


@InCollection{Jirasek:01,
	author = 			 {Jir\'{a}sek, M.},
	title = 			 {Modeling of localized damage and fracture in quasibrittle materials},
	booktitle = 	 {Continuous and Discontinuous Modelling of Cohesive-Frictional Materials},
	OPTcrossref =  {},
	OPTkey = 			 {},
	pages =				 {17-29},
	publisher =		 {Springer-Verlag},
	year =				 {2001},
	editor =			 {P. A. Vermeer et al.}
}



@Article{Bazant_Oh:83,
	author = 			 {Ba\v{z}ant, Z.P. and Oh, B.H.},
	title = 			 {Crack band theory for fracture of concrete},
	journal = 		 {Materials and Structures},
	year = 				 {1983},
	OPTkey = 			 {},
	volume =			 {16},
	OPTnumber = 	 {},
	pages =				 {155--177}
}

@Article{Patzak_Bittnar:2001,
	author = 			 {B. Patz\'{a}k and Z. Bittnar},
	title = 			 {Design of object oriented finite element code},
	journal = 		 ades,
	year = 				 {2001},
	OPTkey = 			 {},
	volume =			 {32},
	number =			 {10-11},
	pages =				 {759-767},
	OPTmonth = 		 {},
	OPTnote = 		 {},
	OPTannote = 	 {}
}

